@misc{fft,
  title={Cal {P}oly {G}ithub},
  note={\url{http://www.github.com/CalPoly}}
}

@inproceedings{google,
 author = {Morgenthaler, J. David and Gridnev, Misha and Sauciuc, Raluca and Bhansali, Sanjay},
 title = {Searching for Build Debt: Experiences Managing Technical Debt at Google},
 booktitle = {Proceedings of the Third International Workshop on Managing Technical Debt},
 series = {MTD '12},
 year = {2012},
 isbn = {978-1-4673-1749-8},
 location = {Zurich, Switzerland},
 pages = {1--6},
 numpages = {6},
 url = {http://dl.acm.org/citation.cfm?id=2666036.2666037},
 acmid = {2666037},
 publisher = {IEEE Press},
 address = {Piscataway, NJ, USA},
 keywords = {build system, monolithic codebase, technical debt},
}

